<?xml version="1.0" encoding="UTF-8"?><collection xmlns="http://www.loc.gov/MARC21/slim"><record><leader>00574nam--2200193-u-4500</leader><controlfield tag="001">000054192</controlfield><controlfield tag="002">20161230</controlfield><controlfield tag="005">20161230201051</controlfield><controlfield tag="008">110915s1000------------r-----000-0-eng-d</controlfield><datafield ind1=" " ind2=" " tag="020"><subfield code="a">0198564228</subfield></datafield><datafield ind1=" " ind2=" " tag="040"><subfield code="a">IFIN-HH</subfield></datafield><datafield ind1=" " ind2=" " tag="080"><subfield code="a">616-073.75(06)</subfield></datafield><datafield ind1="1" ind2=" " tag="100"><subfield code="a">Baker, John R.J</subfield></datafield><datafield ind1="1" ind2="0" tag="245"><subfield code="a">Autoradiography a comprehensive overview</subfield><subfield code="b">Microscopy handbooks 18</subfield><subfield code="c">John r.j. baker</subfield></datafield><datafield ind1=" " ind2=" " tag="260"><subfield code="a">Oxford</subfield><subfield code="b">Oxford University Press</subfield><subfield code="c">1989</subfield></datafield><datafield ind1=" " ind2=" " tag="300"><subfield code="a">110P</subfield></datafield><datafield ind1=" " ind2=" " tag="490"><subfield code="a">Royal Microscopy Society Microscopy Handbooks 18</subfield></datafield><datafield ind1=" " ind2=" " tag="852"><subfield code="a">81205</subfield><subfield code="c">537.533.35</subfield></datafield><datafield ind1=" " ind2=" " tag="CAT"><subfield code="a">Sys</subfield><subfield code="c">20110915</subfield><subfield code="h">154256</subfield></datafield></record></collection>